<?xml version="1.0" encoding="UTF-8"?><collection xmlns="http://www.loc.gov/MARC21/slim"><record><leader>00577nam--2200181-i-4500</leader><controlfield tag="001">000029603</controlfield><controlfield tag="002">20161230</controlfield><controlfield tag="005">20161230201037</controlfield><controlfield tag="008">060222s1000------------r-----000-0-eng-d</controlfield><datafield ind1=" " ind2=" " tag="040"><subfield code="a">IFIN-HH</subfield></datafield><datafield ind1="1" ind2=" " tag="100"><subfield code="a">Parthasarathy, K.R</subfield></datafield><datafield ind1="1" ind2="0" tag="245"><subfield code="a">Positive definite kernels, continuous tensor products, and central limit theorems of ptobability theory</subfield><subfield code="c">K.R. Parthasarathy ; K. Schmidt</subfield></datafield><datafield ind1=" " ind2=" " tag="260"><subfield code="a">Berlin, Springer-verlag, 1972</subfield></datafield><datafield ind1=" " ind2=" " tag="300"><subfield code="a">107 P</subfield></datafield><datafield ind1=" " ind2=" " tag="490"><subfield code="a">Lecture Notes In Mathematics</subfield><subfield code="v">Vol.272</subfield></datafield><datafield ind1=" " ind2="1" tag="700"><subfield code="a">Schmidt, K</subfield></datafield><datafield ind1=" " ind2=" " tag="852"><subfield code="a">75798</subfield><subfield code="c">519.2</subfield></datafield><datafield ind1=" " ind2=" " tag="CAT"><subfield code="a">Sys</subfield><subfield code="c">20100618</subfield><subfield code="h">090838</subfield></datafield></record></collection>